@article{koijen2019demand,
  title={A demand system approach to asset pricing},
  author={Koijen, Ralph SJ and Yogo, Motohiro},
  journal={Journal of Political Economy},
  volume={127},
  number={4},
  pages={1475--1515},
  year={2019},
  publisher={The University of Chicago Press Chicago, IL}
}