@article{kaplan2014model,
  title={A model of the consumption response to fiscal stimulus payments},
  author={Kaplan, Greg and Violante, Giovanni L},
  journal={Econometrica},
  volume={82},
  number={4},
  pages={1199--1239},
  year={2014},
  publisher={Wiley Online Library}
}

@techreport{aguiar2023hand,
  title={Who are the Hand-to-Mouth?},
  author={Aguiar, Mark A and Bils, Mark and Boar, Corina},
  year={2023},
  institution={National Bureau of Economic Research}
}

@article{havranek2020consumers,
  title={Do consumers really follow a rule of thumb? Three thousand estimates from 144 studies say “probably not”},
  author={Havranek, Tomas and Sokolova, Anna},
  journal={Review of Economic Dynamics},
  volume={35},
  pages={97--122},
  year={2020},
  publisher={Elsevier}
}
@article{heathcote2009quantitative,
  title={Quantitative macroeconomics with heterogeneous households},
  author={Heathcote, Jonathan and Storesletten, Kjetil and Violante, Giovanni L},
  journal={Annu. Rev. Econ.},
  volume={1},
  number={1},
  pages={319--354},
  year={2009},
  publisher={Annual Reviews}
}
@article{carroll2017distribution,
  title={The distribution of wealth and the marginal propensity to consume},
  author={Carroll, Christopher and Slacalek, Jiri and Tokuoka, Kiichi and White, Matthew N},
  journal={Quantitative Economics},
  volume={8},
  number={3},
  pages={977--1020},
  year={2017},
  publisher={Wiley Online Library}
}
@article{zeldes1989consumption,
  title={Consumption and liquidity constraints: an empirical investigation},
  author={Zeldes, Stephen P},
  journal={Journal of political economy},
  volume={97},
  number={2},
  pages={305--346},
  year={1989},
  publisher={The University of Chicago Press}
}